<?xml version="1.0" encoding="UTF-8"?><collection xmlns="http://www.loc.gov/MARC21/slim"><record><leader>00371nam--2200133-i-4500</leader><controlfield tag="001">000033562</controlfield><controlfield tag="002">20161230</controlfield><controlfield tag="005">20161230201039</controlfield><controlfield tag="008">060222s1000------------r-----000-0-eng-d</controlfield><datafield ind1=" " ind2=" " tag="080"><subfield code="a">681.785.5:539.144(043)</subfield></datafield><datafield ind1=" " ind2=" " tag="100"><subfield code="a">Mheemeed, Ahmad</subfield></datafield><datafield ind1=" " ind2=" " tag="245"><subfield code="a">Les structure de niveaux de 114 cd.these</subfield></datafield><datafield ind1=" " ind2=" " tag="260"><subfield code="a">Grenoble, Universite Scientifique Et Medical, 1981. 95p</subfield></datafield><datafield ind1=" " ind2=" " tag="852"><subfield code="a">71105</subfield></datafield></record></collection>